@inproceedings{FCN-original:long2015fully,
  title={Fully convolutional networks for semantic segmentation},
  author={Long, Jonathan and Shelhamer, Evan and Darrell, Trevor},
  booktitle={Proceedings of the IEEE conference on computer vision and pattern recognition},
  pages={3431--3440},
  year={2015}
}

@incollection{Convolution:edge:canny1987computational,
  title={A computational approach to edge detection},
  author={Canny, John},
  booktitle={Readings in Computer Vision},
  pages={184--203},
  year={1987},
  publisher={Elsevier}
}

@inproceedings{Convolution:corner:harris1988combined,
  title={A combined corner and edge detector.},
  author={Harris, Chris and Stephens, Mike},
  booktitle={Alvey vision conference},
  volume={15},
  number={50},
  pages={10--5244},
  year={1988},
  organization={Citeseer}
}

@article{Convolution:BP:rumelhart1986learning,
  title={Learning representations by back-propagating errors},
  author={Rumelhart, David E and Hinton, Geoffrey E and Williams, Ronald J},
  journal={nature},
  volume={323},
  number={6088},
  pages={533},
  year={1986},
  publisher={Nature Publishing Group}
}

@inproceedings{CNN:kernel:zhou2017oriented,
  title={Oriented response networks},
  author={Zhou, Yanzhao and Ye, Qixiang and Qiu, Qiang and Jiao, Jianbin},
  booktitle={2017 IEEE Conference on Computer Vision and Pattern Recognition (CVPR)},
  pages={4961--4970},
  year={2017},
  organization={IEEE}
}

@inproceedings{CNN:arch:he2016deep,
  title={Deep residual learning for image recognition},
  author={He, Kaiming and Zhang, Xiangyu and Ren, Shaoqing and Sun, Jian},
  booktitle={Proceedings of the IEEE conference on computer vision and pattern recognition},
  pages={770--778},
  year={2016}
}

@inproceedings{CNN:pooling:zhou2016learning,
  title={Learning deep features for discriminative localization},
  author={Zhou, Bolei and Khosla, Aditya and Lapedriza, Agata and Oliva, Aude and Torralba, Antonio},
  booktitle={Computer Vision and Pattern Recognition (CVPR), 2016 IEEE Conference on},
  pages={2921--2929},
  year={2016},
  organization={IEEE}
}

@inproceedings{CNN:deconvolution:zeiler2011adaptive,
  title={Adaptive deconvolutional networks for mid and high level feature learning},
  author={Zeiler, Matthew D and Taylor, Graham W and Fergus, Rob},
  booktitle={Computer Vision (ICCV), 2011 IEEE International Conference on},
  pages={2018--2025},
  year={2011},
  organization={IEEE}
}

@article{CNN:kingma2013auto,
  title={Auto-encoding variational bayes},
  author={Kingma, Diederik P and Welling, Max},
  journal={arXiv preprint arXiv:1312.6114},
  year={2013}
}

@article{CNN:hubel1962receptive,
  title={Receptive fields, binocular interaction and functional architecture in the cat's visual cortex},
  author={Hubel, David H and Wiesel, Torsten N},
  journal={The Journal of physiology},
  volume={160},
  number={1},
  pages={106--154},
  year={1962},
  publisher={Wiley Online Library}
}

@inproceedings{FCN:segmentation:shen2016automatic,
  title={Automatic portrait segmentation for image stylization},
  author={Shen, Xiaoyong and Hertzmann, Aaron and Jia, Jiaya and Paris, Sylvain and Price, Brian and Shechtman, Eli and Sachs, Ian},
  booktitle={Computer Graphics Forum},
  volume={35},
  number={2},
  pages={93--102},
  year={2016},
  organization={Wiley Online Library}
}

@inproceedings{FCN:CRF:zheng2015conditional,
  title={Conditional random fields as recurrent neural networks},
  author={Zheng, Shuai and Jayasumana, Sadeep and Romera-Paredes, Bernardino and Vineet, Vibhav and Su, Zhizhong and Du, Dalong and Huang, Chang and Torr, Philip HS},
  booktitle={Proceedings of the IEEE International Conference on Computer Vision},
  pages={1529--1537},
  year={2015}
}

@inproceedings{FCN:MRF:liu2015semantic,
  title={Semantic image segmentation via deep parsing network},
  author={Liu, Ziwei and Li, Xiaoxiao and Luo, Ping and Loy, Chen-Change and Tang, Xiaoou},
  booktitle={Computer Vision (ICCV), 2015 IEEE International Conference on},
  pages={1377--1385},
  year={2015},
  organization={IEEE}
}

@article{GAT:wakahara1998adaptive,
  title={Adaptive normalization of handwritten characters using global/local affine transformation},
  author={Wakahara, Toru and Odaka, Kazumi},
  journal={IEEE Transactions on pattern analysis and machine intelligence},
  volume={20},
  number={12},
  pages={1332--1341},
  year={1998},
  publisher={IEEE}
}

@inproceedings{GAT:xiaona2007hierarchical,
  title={Hierarchical Chinese Character Database Based on Global Affine Transformation},
  author={Xiaona, Zu and Lianwen, Jin},
  booktitle={Control Conference, 2007. CCC 2007. Chinese},
  pages={584--588},
  year={2007},
  organization={IEEE}
}

@book{GAT:CV:hartley2003multiple,
  title={Multiple view geometry in computer vision},
  author={Hartley, Richard and Zisserman, Andrew},
  year={2003},
  publisher={Cambridge university press}
}

@article{LevelSet:malladi1995shape,
  title={Shape modeling with front propagation: A level set approach},
  author={Malladi, Ravi and Sethian, James A and Vemuri, Baba C},
  journal={IEEE transactions on pattern analysis and machine intelligence},
  volume={17},
  number={2},
  pages={158--175},
  year={1995},
  publisher={IEEE}
}

@article{LevelSet:chan2001active,
  title={Active contours without edges},
  author={Chan, Tony F and Vese, Luminita A},
  journal={IEEE Transactions on image processing},
  volume={10},
  number={2},
  pages={266--277},
  year={2001},
  publisher={IEEE}
}

@inproceedings{LevelSet:prob:cremers2008shape,
  title={Shape priors in variational image segmentation: Convexity, lipschitz continuity and globally optimal solutions},
  author={Cremers, Daniel and Schmidt, Frank R and Barthel, Frank},
  booktitle={Computer Vision and Pattern Recognition, 2008. CVPR 2008. IEEE Conference on},
  pages={1--6},
  year={2008},
  organization={IEEE}
}

@inproceedings{LevelSet:prob:chen2013deep,
  title={Deep learning shape priors for object segmentation},
  author={Chen, Fei and Yu, Huimin and Hu, Roland and Zeng, Xunxun},
  booktitle={Computer Vision and Pattern Recognition (CVPR), 2013 IEEE Conference on},
  pages={1870--1877},
  year={2013},
  organization={IEEE}
}

@article{LevelSet:mathod:li2008minimization,
  title={Minimization of region-scalable fitting energy for image segmentation},
  author={Li, Chunming and Kao, Chiu-Yen and Gore, John C and Ding, Zhaohua},
  journal={IEEE transactions on image processing},
  volume={17},
  number={10},
  pages={1940--1949},
  year={2008},
  publisher={IEEE}
}

@article{LevelSet:mathod:li2010distance,
  title={Distance regularized level set evolution and its application to image segmentation},
  author={Li, Chunming and Xu, Chenyang and Gui, Changfeng and Fox, Martin D},
  journal={IEEE transactions on image processing},
  volume={19},
  number={12},
  pages={3243--3254},
  year={2010},
  publisher={IEEE}
}

@inproceedings{LevelSet:mathod:li2005level,
  title={Level set evolution without re-initialization: a new variational formulation},
  author={Li, Chunming and Xu, Chenyang and Gui, Changfeng and Fox, Martin D},
  booktitle={Computer Vision and Pattern Recognition, 2005. CVPR 2005. IEEE Computer Society Conference on},
  volume={1},
  pages={430--436},
  year={2005},
  organization={IEEE}
}

@article{FCN:caffe:jia2014caffe,
  Author = {Jia, Yangqing and Shelhamer, Evan and Donahue, Jeff and Karayev, Sergey and Long, Jonathan and Girshick, Ross and Guadarrama, Sergio and Darrell, Trevor},
  Journal = {arXiv preprint arXiv:1408.5093},
  Title = {Caffe: Convolutional Architecture for Fast Feature Embedding},
  Year = {2014}
}

@Article{FCN:DataSet:Everingham15,
   author = "Everingham, M. and Eslami, S. M. A. and Van~Gool, L. and Williams, C. K. I. and Winn, J. and Zisserman, A.",
   title = "The Pascal Visual Object Classes Challenge: A Retrospective",
   journal = "International Journal of Computer Vision",
   volume = "111",
   year = "2015",
   number = "1",
   month = jan,
   pages = "98--136",
}

@article{LevelSet:Discussion:lin2005probability,
  title={A probability model-based level set method for biomedical image segmentation},
  author={Lin, Pan and Zheng, ChongXun and Yang, Yong and Zhang, Feng and Yan, XiangGuo},
  journal={Journal of X-Ray Science and Technology},
  volume={13},
  number={3},
  pages={117--127},
  year={2005},
  publisher={IOS Press}
}

@article{LevelSet:superpixels:achanta2012slic,
  title={SLIC superpixels compared to state-of-the-art superpixel methods},
  author={Achanta, Radhakrishna and Shaji, Appu and Smith, Kevin and Lucchi, Aurelien and Fua, Pascal and S{\"u}sstrunk, Sabine},
  journal={IEEE transactions on pattern analysis and machine intelligence},
  volume={34},
  number={11},
  pages={2274--2282},
  year={2012},
  publisher={IEEE}
}
